@article{tech_analysis,
 ISSN = {00221082, 15406261},
 URL = {http://www.jstor.org/stable/2329139},
 author = {Lawrence Blume and David Easley and Maureen O'Hara},
 journal = {The Journal of Finance},
 number = {1},
 pages = {153--181},
 publisher = {[American Finance Association, Wiley]},
 title = {Market Statistics and Technical Analysis: The Role of Volume},
 urldate = {2022-06-20},
 volume = {49},
 year = {1994}
}

@INPROCEEDINGS{tech_indic,
  author={Oriani, Felipe Barboza and Coelho, Guilherme P.},
  booktitle={2016 IEEE Symposium Series on Computational Intelligence (SSCI)}, 
  title={Evaluating the impact of technical indicators on stock forecasting}, 
  year={2016},
  volume={},
  number={},
  pages={1-8},
  doi={10.1109/SSCI.2016.7850017}}

@mastersthesis{ml_paper,
    author    = "Reem I. Masoud",
    title     = "Algorithmic Financial Trading Using
    Optimization in the Julia Programming
    Language",
    school    = "Imperial College London",
    type     = "Master's thesis",
    year      = "2020",
}

@book{stock_def,
  title={The stock market},
  author={Teweles, Richard J and Bradley, Edward S},
  volume={64},
  year={1998},
  publisher={John Wiley \& Sons}
}

@misc{stock_exch,
      author = "David R. Harper",
      title = "Getting to Know the Stock Exchanges",
      year = "2021",
      url = "https://www.investopedia.com/articles/basics/04/092404.asp",
      note = "Accessed: 28 October 2022"
}

@article{factors,
    title = {Stock price prediction based on a complex interrelation network of economic factors},
    journal = {Engineering Applications of Artificial Intelligence},
    volume = {26},
    number = {5},
    pages = {1550-1561},
    year = {2013},
    issn = {0952-1976},
    doi = {https://doi.org/10.1016/j.engappai.2013.01.009},
    url = {https://www.sciencedirect.com/science/article/pii/S0952197613000195},
    author = {Kanghee Park and Hyunjung Shin},
}

@inproceedings{factors2,
  title={Factors affecting share prices: A literature revisit},
  author={Mohammad Almashaqbeh and Md. Aminul Islam and Rosni Bakar},
  year={2021}
}

@misc{high,
      author = "James Chen",
      title = "Today's High",
      year = "2021",
      url = "https://www.investopedia.com/terms/t/todayshigh.asp",
      note = "Accessed: 10 June 2022"
}

@misc{close,
      author = " Adam Hayes",
      title = "What Is the Closing Price?",
      year = "2021",
      url = "https://www.investopedia.com/terms/c/closingprice.asp",
      note = "Accessed: 10 June 2022"
}

@misc{adj_close,
      author = "Akhilesh Ganti",
      title = "What Is the Adjusted Closing Price?",
      year = "2021",
      url = "https://www.investopedia.com/terms/a/adjusted_closing_price.asp",
      note = "Accessed: 10 June 2022"
}

@misc{volatility,
      author = "Adam Hayes",
      title = "What Is Volatility?",
      year = "2021",
      url = "https://www.investopedia.com/terms/v/volatility.asp",
      note = "Accessed: 10 June 2022"
}

@INPROCEEDINGS{SMA,
  author={Lauren, Stefan and Harlili, S. Dra.},
  booktitle={2014 International Conference of Advanced Informatics: Concept, Theory and Application (ICAICTA)}, 
  title={Stock trend prediction using simple moving average supported by news classification}, 
  year={2014},
  volume={},
  number={},
  pages={135-139},
  doi={10.1109/ICAICTA.2014.7005929}
}
  
@article{markovsky,
  title={Behavioral systems theory in data-driven analysis, signal processing, and control},
  author={Ivan Markovsky and Florian D{\"o}rfler},
  journal={Annu. Rev. Control.},
  year={2021},
  volume={52},
  pages={42-64}
}

@INPROCEEDINGS{will,
  author={Willems, J.C. and Markovsky, I. and Rapisarda, P. and De Moor, B.L.M.},
  booktitle={2004 43rd IEEE Conference on Decision and Control (CDC) (IEEE Cat. No.04CH37601)}, 
  title={A note on persistency of excitation}, 
  year={2004},
  volume={3},
  number={},
  pages={2630-2631 Vol.3},
  doi={10.1109/CDC.2004.1428856}}

@INPROCEEDINGS{markovsky2,
  author={Markovsky, Ivan},
  booktitle={2021 60th IEEE Conference on Decision and Control (CDC)}, 
  title={System theory without transfer functions and state-space? Yes, itâ€™s possible!}, 
  year={2021},
  volume={},
  number={},
  pages={1474-1477},
  doi={10.1109/CDC45484.2021.9682958}}
  
@Inbook{mse,
editor="Sammut, Claude
and Webb, Geoffrey I.",
title="Mean Squared Error",
bookTitle="Encyclopedia of Machine Learning",
year="2010",
publisher="Springer US",
address="Boston, MA",
pages="653--653",
isbn="978-0-387-30164-8",
doi="10.1007/978-0-387-30164-8_528",
url="https://doi.org/10.1007/978-0-387-30164-8_528"
}

@Inbook{mae,
editor="Sammut, Claude
and Webb, Geoffrey I.",
title="Mean Absolute Error",
bookTitle="Encyclopedia of Machine Learning and Data Mining",
year="2017",
publisher="Springer US",
address="Boston, MA",
pages="806--806",
isbn="978-1-4899-7687-1",
doi="10.1007/978-1-4899-7687-1_953",
url="https://doi.org/10.1007/978-1-4899-7687-1_953"
}

@Inbook{abs,
author="Weik, Martin H.",
title="absolute error",
bookTitle="Computer Science and Communications Dictionary",
year="2001",
publisher="Springer US",
address="Boston, MA",
pages="3--3",
isbn="978-1-4020-0613-5",
doi="10.1007/1-4020-0613-6_37",
url="https://doi.org/10.1007/1-4020-0613-6_37"
}


@Inbook{rel,
author="Weik, Martin H.",
title="relative error",
bookTitle="Computer Science and Communications Dictionary",
year="2001",
publisher="Springer US",
address="Boston, MA",
pages="1458--1458",
isbn="978-1-4020-0613-5",
doi="10.1007/1-4020-0613-6_15948",
url="https://doi.org/10.1007/1-4020-0613-6_15948"
}

@article{amazon,
  title={Amazon. com, Inc.},
  author={Finance, Corporate},
  journal={EPS (GAAP)},
  volume={6},
  number={47},
  pages={12--37}
}

@misc{standard,
      author = "Contributors of Convex.jl Julia PAckage",
      title = "Convex.jl",
      year = "2021",
      url = "https://jump.dev/Convex.jl/stable/examples/general_examples/lasso_regression/",
      note = "Accessed: "March 2022",
}

@misc{why_standard,
      author = "Ed",
      title = "Why we standardise using training statistics when doing Machine Learning",
      year = "2022",
      url = "https://www.datascienced.co.uk/post/2022-02-04-why-we-standardise-using-train-stats/",
      note = "Accessed: "May 2022",
}

@misc{bid_ask,
      author = "The Investopedia Team",
      title = "What Do the Bid and Ask Prices Represent on a Stock Quote?",
      year = "2021",
      url = "https://www.investopedia.com/ask/answers/042215/what-do-bid-and-ask-prices-represent-stock-quote.asp",
      note = "Accessed: "June 2022",
}

@misc{orders,
      author = "Investor.gov US Securities and Exchange Commission",
      title = "Types of Orders",
      year = "2021",
      url = "https://www.investor.gov/introduction-investing/investing-basics/how-stock-markets-work/types-orders",
      note = "Accessed: "June 2022",
}


@article{Xarticle,
    author    = "",
    title     = "",
    journal   = "",
    ?_volume   = "",
    ?_number   = "",
    ?_pages    = "",
    year      = "XXXX",
    ?_month    = "",
    ?_note     = "",
}

@misc{Xmisc,
    ?_author    = "",
    ?_title     = "",
    ?_howpublished = "",
    ?_year     = "XXXX",
    ?_month    = "",
    ?_note     = "",
}

@mastersthesis{Xthesis,
    author    = "",
    title     = "",
    school    = "",
    ?_type     = "diploma thesis",
    ?_address  = "",
    year      = "XXXX",
    ?_month    = "",
    ?_note     = "",
}

@misc{website:fermentas-lambda,
      author = "Fermentas Inc.",
      title = "Phage Lambda: description \& restriction map",
      month = "November",
      year = "2008",
      url = "http://www.fermentas.com/techinfo/nucleicacids/maplambda.html"
}
